<?xml version="1.0" encoding="UTF-8"?><collection xmlns="http://www.loc.gov/MARC21/slim"><record><leader>00436nam--2200133-i-4500</leader><controlfield tag="001">000035813</controlfield><controlfield tag="002">20161230</controlfield><controlfield tag="005">20161230201040</controlfield><controlfield tag="008">060222s1000------------r-----000-0-eng-d</controlfield><datafield ind1=" " ind2=" " tag="100"><subfield code="a">Nissenson, H</subfield></datafield><datafield ind1=" " ind2=" " tag="245"><subfield code="a">Einrichtungen von elektrolytischen laboratorien unter besonderer berucksichtigung der bedurfnisse fur die huttenpraxis</subfield></datafield><datafield ind1=" " ind2=" " tag="260"><subfield code="a">Halle, Wilhelm Knapp, 1903</subfield></datafield><datafield ind1=" " ind2=" " tag="490"><subfield code="a">Monographien Uber Angewandte Elektrochemie</subfield></datafield><datafield ind1=" " ind2=" " tag="852"><subfield code="a">1615</subfield></datafield></record></collection>